@misc{ rhai_website ,
    author = {Rhai developers},
    title = {Rhai - Embedded Scripting for Rust},
    howpublished = "\url{https://rhai.rs/}",
    note = {Visitato in data: 27/09/2024}
}

@misc{ react_website ,
    author = {Meta},
    title = {React - A JavaScript library for building user interfaces},
    howpublished = "\url{https://reactjs.org/}",
    note = {Visitato in data: 27/09/2024}
}

@misc{ typescript_website,
    author = {Microsoft},
    title = {TypeScript - JavaScript that scales},
    howpublished = "\url{https://www.typescriptlang.org/}",
    note = {Visitato in data: 27/09/2024}
}

@article{fischer1989comparing,
  title={Comparing structured and unstructured methodologies in firmware development},
  author={Fischer, WA and Jost, JW},
  journal={Hewlett-Packard Journal},
  volume={40},
  number={2},
  pages={80--85},
  year={1989},
  publisher={HEWLETT-PACKARD CO 3000 HANOVER STREET, PALO ALTO, CA 94304}
}

@article{iee_std,
  author={},
  journal={IEEE Std 830-1993}, 
  title={IEEE Recommended Practice for Software Requirements Specifications}, 
  year={1994},
  volume={},
  number={},
  pages={1-32},
  keywords={IEEE Standards;Software;Standards organizations;Organizations;Contracts;Dams;contract;customer;prototyping;supplier;System requirements specifications},
  doi={10.1109/IEEESTD.1994.121431}
}

@misc{barile2019analisi,
  title={Analisi PESTLE Analisi SWOT},
  author={Barile, Sergio},
  year={2019},
  publisher={Tratto da https://web. uniroma1. it: https://web. uniroma1. it~…}
}

@inproceedings{al2020internet,
  title={Internet of things market analysis forecasts, 2020--2030},
  author={Al-Sarawi, Shadi and Anbar, Mohammed and Abdullah, Rosni and Al Hawari, Ahmad B},
  booktitle={2020 Fourth World Conference on smart trends in systems, security and sustainability (WorldS4)},
  pages={449--453},
  year={2020},
  organization={IEEE}
}

@misc{rust_website,
    author = {Rust Team},
    title = {Rust -  A language empowering everyone to build reliable and efficient software. },
    howpublished = "\url{https://www.rust-lang.org/}",
    note = {Visitato in data: 27/09/2024}
}

@misc{rfc6455,
    series =    {Request for Comments},
    number =    6455,
    howpublished =  {RFC 6455},
    publisher = {RFC Editor},
    doi =       {10.17487/RFC6455},
    url =       {https://www.rfc-editor.org/info/rfc6455},
    author =    {Alexey Melnikov and Ian Fette},
    title =     {{The WebSocket Protocol}},
    pagetotal = 71,
    year =      2011,
    month =     dec,
    abstract =  {The WebSocket Protocol enables two-way communication between a client running untrusted code in a controlled environment to a remote host that has opted-in to communications from that code. The security model used for this is the origin-based security model commonly used by web browsers. The protocol consists of an opening handshake followed by basic message framing, layered over TCP. The goal of this technology is to provide a mechanism for browser-based applications that need two-way communication with servers that does not rely on opening multiple HTTP connections (e.g., using XMLHttpRequest or \textless{}iframe\textgreater{}s and long polling). {[}STANDARDS-TRACK{]}},
}

@misc{sled_website,
    author = {Sled developers},
    title = {Sled - A modern embedded database},
    howpublished = "\url{https://sled.rs/}",
    note = {Visitato in data: 27/09/2024}
}

@misc{rocketrs_website,
    author = {Sergio Benitez},
    title = { Rocket - Simple, Fast, Type-Safe Web Framework for Rust },
    howpublished = "\url{https://rocket.rs/}",
    note = {Visitato in data: 27/09/2024}
}

@report{WebAssemblyCoreSpecification1,
  title = {{WebAssembly Core Specification}},
  version = {1.0},
  editor = {Rossberg, Andreas},
  date = {2019-12-05},
  institution = {{W3C}},
  url = {https://www.w3.org/TR/wasm-core-1/},
  langid = {english}
}

@cite{threejs_website,
    author = {Three.js developers},
    title = {Three.js - JavaScript 3D library},
    howpublished = "\url{https://threejs.org/}",
    note = {Visitato in data: 27/09/2024}
}

@cite{micropython,
    author = {Damien George},
    title = {MicroPython - Python for microcontrollers},
    howpublished = "\url{https://micropython.org/}",
    note = {Visitato in data: 27/09/2024}
}

@cite{rvsim,
    author = {Stéphan Kochen},
    title = { rvsim - A RISC-V simulator implementing RV32G[C]},
    howpublished = "\url{https://github.com/stephank/rvsim}",
    note = {Visitato in data: 27/09/2024}
}

@article{oliveri2022land,
  title={In the land of MMUs: multiarchitecture OS-agnostic virtual memory forensics},
  author={Oliveri, Andrea and Balzarotti, Davide},
  journal={ACM Transactions on Privacy and Security},
  volume={25},
  number={4},
  pages={1--32},
  year={2022},
  publisher={ACM New York, NY}
}

@misc{freertos,
    author = {AWS open source},
    title = {FreeRTOS - Real-time operating system for microcontrollers and small microprocessors},
    howpublished = "\url{https://www.freertos.org/}",
    note = {Visitato in data: 27/09/2024}
}

@misc{rust_on_esp,
    author = {Rust Embedded Working Group},
    title = {The Rust on ESP Book},
    howpublished = "\url{https://docs.esp-rs.org/book/installation/riscv.html}",
    note = {Visitato in data: 27/09/2024}
}

@misc{esp_idf,
    author = {Espressif Systems},
    title = {ESP-IDF Programming Guide},
    howpublished = "\url{https://docs.espressif.com/projects/esp-idf/en/latest/esp32c3/index.html}",
    note = {Visitato in data: 27/09/2024}
}

@misc{kicad_website,
    author = {KiCad developers},
    title = {KiCad - A Cross Platform and Open Source Electronics Design Automation Suite},
    howpublished = "\url{https://kicad.org/}",
    note = {Visitato in data: 27/09/2024}
}

@misc{charger_sheet,
    author = { NanJing Top Power ASIC Corp. },
    title = { TP4057 - 500mA Linear Li-lon Battery Charger },
    howpublished = "\url{http://toppwr.com/uploadfile/file/20230304/640302a47b738.pdf}",
}

@misc{protection_sheet,
    author = { SHEN ZHEN FINE MAD ELECTRONICS GROUP CO., LTD. },
    title = { FM2113 },
    howpublished = "\url{https://www.lcsc.com/datasheet/lcsc_datasheet_2202251530_Shenzhen-Fuman-Elec-FM2113_C2832124.pdf}",
}

@misc{regulator_sheet,
    author = { Texas Instruments },
    title = { TPS63001 - 96% Buck-Boost Converter with 1.7A Current Switches, 3.3V fixed Output voltage },
    howpublished = "\url{https://www.ti.com/product/TPS63001}",
    note = {Visitato in data: 27/09/2024}
}

@misc{esp32_c3_wroom_02_sheet,
    author = { Espressif Systems },
    title = { ESP32-C3-WROOM-02 },
    howpublished = "\url{https://www.espressif.com/sites/default/files/documentation/esp32-c3-wroom-02_datasheet_en.pdf}",
    note = {Visitato in data: 27/09/2024}
}

@misc{jlcpcb,
    author = {JLCPCB},
    title = {JLCPCB - PCB Prototype and PCB Fabrication Manufacturer},
    howpublished = "\url{https://jlcpcb.com/}",
    note = {Visitato in data: 27/09/2024}
}

@misc{fusion360,
    author = {Autodesk},
    title = {Autodesk Fusion - 3D CAD, CAM, CAE, and PCB Cloud-Based Software },
    howpublished = "\url{https://www.autodesk.com/products/fusion-360/overview}",
    note = {Visitato in data: 27/09/2024}
}

@misc{cura,
    author = {Ultimaker},
    title = {UltiMaker Cura},
    howpublished = "\url{https://ultimaker.com/software/ultimaker-cura}",
    note = {Visitato in data: 27/09/2024}
}

@misc{espressif_website,
    author = {Espressif Systems},
    title = {Espressif Systems - Wireless SoCs, Software, Cloud and AIoT Solutions},
    howpublished = "\url{https://www.espressif.com/}",
    note = {Visitato in data: 27/09/2024}
}

@misc{riscv,
    author = {RISC-V Foundation},
    title = {RISC-V: The Open Standard RISC Instruction Set Architecture},
    howpublished = "\url{https://riscv.org/}",
    note = {Visitato in data: 27/09/2024}
}

@misc{rocket_fairing,
    author = {Sergio Benitez},
    title = {Rocket Web Framework - Fairings},
    howpublished = "\url{https://rocket.rs/guide/v0.5/fairings/#fairings}",
    note = {Visitato in data: 27/09/2024}
}

@misc{rocket_ws, 
    author = {Sergio Benitez},
    title = {Rocket Web Framework - WebSockets},
    howpublished = "\url{https://rocket.rs/guide/v0.5/responses/#websockets}",
    note = {Visitato in data: 27/09/2024}
}

@misc{typed_sled,
    author = {Sled developers},
    title = {Sled - Typed Trees},
    howpublished = "\url{https://docs.rs/typed-sled/latest/typed_sled/}",
    note = {Visitato in data: 27/09/2024}
}

@misc{mantine_website,
    author={Vitaly Rtishchev},
    title={Mantine - A fully featured React component library},
    howpublished="\url{https://mantine.dev/}",
    note={Visitato in data: 27/09/2024}
}

@misc{monaco-editor,
    author={Microsoft},
    title={Monaco - The Editor of the Web},
    howpublished="\url{https://microsoft.github.io/monaco-editor/}",
    note={Visitato in data: 27/09/2024}
}